<record><leader>00000cas a2200000 a 4500</leader><controlfield tag="001">41890742</controlfield><controlfield tag="008">990716d192519uunmudr ne      0    0eng d</controlfield><datafield ind1=" " ind2=" " tag="010"><subfield code="a">sn 99068135 </subfield></datafield><datafield ind1=" " ind2=" " tag="040"><subfield code="a">ANN</subfield><subfield code="b">eng</subfield><subfield code="c">ANN</subfield><subfield code="d">OCLCQ</subfield><subfield code="d">OCLCO</subfield></datafield><datafield ind1=" " ind2=" " tag="042"><subfield code="a">msc</subfield></datafield><datafield ind1=" " ind2=" " tag="043"><subfield code="a">n-us-nm</subfield></datafield><datafield ind1="0" ind2="0" tag="245"><subfield code="a">National Old Trails tourists' daily news.</subfield></datafield><datafield ind1="0" ind2=" " tag="246"><subfield code="a">Tourists' daily news</subfield></datafield><datafield ind1=" " ind2=" " tag="260"><subfield code="a">Gallup, N.M. :</subfield><subfield code="b">Chas. P. Mason</subfield></datafield><datafield ind1=" " ind2=" " tag="300"><subfield code="a">v.</subfield></datafield><datafield ind1=" " ind2=" " tag="310"><subfield code="a">Daily</subfield></datafield><datafield ind1="1" ind2=" " tag="362"><subfield code="a">Began in 1925?</subfield></datafield><datafield ind1=" " ind2=" " tag="500"><subfield code="a">Issued for the information of auto tourists on National Old Trails Highway.</subfield></datafield><datafield ind1=" " ind2=" " tag="588"><subfield code="a">Description based on: Vol. 2, no. 1 (Apr. 15, 1926).</subfield></datafield><datafield ind1=" " ind2="0" tag="651"><subfield code="a">Gallup (N.M.)</subfield><subfield code="v">Newspapers.</subfield></datafield><datafield ind1=" " ind2="0" tag="651"><subfield code="a">McKinley (N.M.)</subfield><subfield code="v">Newspapers.</subfield></datafield><datafield ind1=" " ind2=" " tag="752"><subfield code="a">United States</subfield><subfield code="b">New Mexico</subfield><subfield code="c">McKinley</subfield><subfield code="d">Gallup.</subfield></datafield></record>